@article{bacchetta2008practical,
  title={A practical guide to trade policy analysis},
  author={Bacchetta, Marc and Beverelli, Cosimo and Cadot, Olivier and Fugazza, Marco and Grether, J-M and Helble, Matthias and Nicita, Alessandro and Piermartini, Roberta},
  year={2008},
  publisher={UNCTAD Virtual Institute}
}

@article{pyakuryal2010trade,
  title={Trade liberalization and food security in Nepal},
  author={Pyakuryal, Bishwambher and Roy, Devesh and Thapa, YB},
  journal={Food Policy},
  volume={35},
  number={1},
  pages={20--31},
  year={2010},
  publisher={Elsevier}
}

@techreport{GoNMoFDoC1718,
  author = {GoN-Ministry of Finance},
  title = {Annual foreign trade statistics, 2017-18},
  institution = {Department of Customs},
  howpublished = "\url{https://www.customs.gov.np/en/statisticsmonthly.html/}",
  year = {2019},
  note = "[Online; accessed 28-June-2019]"
}

@article{ackley1961macroeconomic,
  title={Macroeconomic theory},
  author={Ackley, Gardner},
  year={1961},
  publisher={Macmillan}
}

# not cited yet
@techreport{nepalwtotariffprofile,
  author = {World Trade Organization},
  title = {Tariff profile},
  howpublished = "\url{https://www.wto.org/english/thewto_e/countries_e/nepal_e.htm}",
  year = {2019},
  note = "[Online; accessed 28-June-2019]"
}

@techreport{nepalwtotariffdata,
  author = {World Trade Organization},
  title = {Tariff data},
  howpublished = "\url{https://www.wto.org/english/tratop_e/tariffs_e/tariff_data_e.htm}",
  year = {2019},
  note = "[Online; accessed 28-June-2019]"
}

@techreport{cockburn2001trade,
  title={Trade liberalization and poverty in Nepal: A CGE micro simulation analysis},
  author={Cockburn, J},
  year={2001},
  institution={Discussion Paper 01-18, CRIFA}
}

@article{sapkota2008trade,
  title={Trade liberalization and Poverty in Nepal: An applied general equilibrium analysis},
  author={Sapkota, Prakash and Cockburn, John},
  year={2008}
}

@article{armington1969theory,
  title={A theory of demand for products distinguished by place of production},
  author={Armington, Paul S},
  journal={Staff Papers},
  volume={16},
  number={1},
  pages={159--178},
  year={1969},
  publisher={Springer}
}

@article{moc2016nepal,
  title={Nepal Trade Integration Strategy 2016: Executive Summary and Action Matrix},
  author={MoCS, GoN},
  journal={Kathmandu: Ministry of Commerce, Government of Nepal},
  year={2016}
}

@techreport{mocs2017nepal,
  title={Export/Import Reports},
  author={MoCS, GoN},
  publisher={Trade and Export Promotion Centre},
  year={2017},
  howpublished = "\url{http://www.efourcore.com.np/tepcdatabank/}",
  note = "[Online; accessed 28-June-2019]"
}

@book{moald2019nepal,
  title={Krishi Diary},
  author={MoALD, GoN},
  publisher={Agriculture Information and Training Centre},
  year={2019},
  howpublished = "\url{https://aitc.gov.np/public/uploads/Pdffile/agriculture%20duary-2076-46662.pdf}",
  note = "[Online; accessed 29-June-2019]"
}

@techreport{wbg2017,
  title={Climbing higher : toward a middle-income Nepal (English)},
  author={Cosic, Damir; Dahal, Sudyumna; Kitzmuller, Markus},
  publisher={World Bank Group, Washington D.C.},
  year={2017},
  howpublished = "\url{http://documents.worldbank.org/curated/en/358501495199225866/Climbing-higher-toward-a-middle-income-Nepal}",
  note="[Online; accessed 28-June-2019]"
}

@techreport{statusreport2018,
  title={Status report on food and nutrition security in Nepal},
  author={MoALMaC},
  publisher={GoN},
  year={2018},
  howpublished = "\url{http://moad.gov.np/public/uploads/1749913226-St%20Rep_%20Food%20and%20Nutrition%20Secu.pdf}",
  note="[Online; accessed 29-June-2019]",
  ISBN="978-9937-0-4351-9"
}

@book{phillips2005pricing,
  title={Pricing and revenue optimization},
  author={Phillips, Robert Lewis},
  year={2005},
  publisher={Stanford University Press}
}

@article{besbes2015surprising,
  title={On the (surprising) sufficiency of linear models for dynamic pricing with demand learning},
  author={Besbes, Omar and Zeevi, Assaf},
  journal={Management Science},
  volume={61},
  number={4},
  pages={723--739},
  year={2015},
  publisher={INFORMS}
}

@article{cooper2015learning,
  title={Learning and pricing with models that do not explicitly incorporate competition},
  author={Cooper, William L and Homem-de-Mello, Tito and Kleywegt, Anton J},
  journal={Operations research},
  volume={63},
  number={1},
  pages={86--103},
  year={2015},
  publisher={INFORMS}
}

@book{talluri2006theory,
  title={The theory and practice of revenue management},
  author={Talluri, Kalyan T and Van Ryzin, Garrett J},
  volume={68},
  year={2006},
  publisher={Springer Science \& Business Media}
}

@book{woodward2017applied,
  title={Applied time series analysis with R},
  author={Woodward, Wayne A and Gray, Henry L and Elliott, Alan C},
  year={2017},
  publisher={CRC press}
}

@article{johansen1991estimation,
  title={Estimation and hypothesis testing of cointegration vectors in Gaussian vector autoregressive models},
  author={Johansen, S{\o}ren},
  journal={Econometrica: journal of the Econometric Society},
  pages={1551--1580},
  year={1991},
  publisher={JSTOR}
}

@article{johansen1995identifying,
  title={Identifying restrictions of linear equations with applications to simultaneous equations and cointegration},
  author={Johansen, S{\o}ren},
  journal={Journal of econometrics},
  volume={69},
  number={1},
  pages={111--132},
  year={1995},
  publisher={Elsevier}
}

@article{hylleberg1990seasonal,
  title={Seasonal integration and cointegration},
  author={Hylleberg, Svend and Engle, Robert F and Granger, Clive WJ and Yoo, Byung Sam},
  journal={Journal of econometrics},
  volume={44},
  number={1-2},
  pages={215--238},
  year={1990},
  publisher={Elsevier}
}

@article{phillips1990asymptotic,
  title={Asymptotic properties of residual based tests for cointegration},
  author={Phillips, Peter CB and Ouliaris, Sam and others},
  journal={Econometrica},
  volume={58},
  number={1},
  pages={165--193},
  year={1990}
}

@Manual{R-tseries,
  title = {tseries: Time Series Analysis and Computational Finance},
  author = {Adrian Trapletti and Kurt Hornik},
  year = {2019},
  note = {R package version 0.10-47},
  url = {https://CRAN.R-project.org/package=tseries},
}

@book{metcalfe2009introductory,
  title={Introductory time series with R},
  author={Metcalfe, Andrew V and Cowpertwait, Paul SP},
  year={2009},
  publisher={Springer}
}

@article{granger1988causality,
  title={Causality, cointegration, and control},
  author={Granger, Clive WJ},
  journal={Journal of Economic Dynamics and Control},
  volume={12},
  number={2-3},
  pages={551--559},
  year={1988},
  publisher={Elsevier}
}

@article{papana2014identifying,
  title={Identifying causal relationships in case of non-stationary time series},
  author={Papana, Angeliki and Kyrtsou, Catherine and Kugiumtzis, Dimitris and Diks, Cees and others},
  journal={Thessaloniki: Department of Economics of the University of Macedonia},
  year={2014}
}

@techreport{GoNMoFDoC1819,
  author = {GoN-Ministry of Finance},
  title = {Annual foreign trade statistics, 2018-19},
  institution = {Department of Customs},
  howpublished = "\url{https://www.customs.gov.np/en/statisticsmonthly.html/}",
  year = {2019},
  note = "[Online; accessed 28-June-2019]"
}

@techreport{faostat2019statistical,
  title={Statistical databases},
  author={Faostat, FAO},
  journal={Food and Agriculture Organization of the United Nations},
  howpublished = "\url{http://www.fao.org/faostat/en/#rankings/countries_by_commodity_exports/}",
  year={2019},
  note = "[Online; accessed 1-January-2020]"
}

@Article{nasapowerr2019,
    author = {Adam H Sparks},
    title = {nasapower: A NASA POWER Global Meteorology, Surface Solar Energy and Climatology Data Client for R},
    doi = {10.21105/joss.01035},
    year = {2018},
    month = {oct},
    publisher = {The Open Journal},
    volume = {3},
    number = {30},
    pages = {1035},
    journal = {The Journal of Open Source Software},
  }

@techreport{nrb2019nepal,
  title={Foreign Exchange Rate, NRB},
  author={NRB},
  publisher={Foreign Exchange Rate},
  year={2019},
  howpublished = "\url{https://www.nrb.org.np/fxmexchangerate.php}",
  note = "[Online; accessed 01-Jan-2020]"
}

@Article{tsmissingvalueimpute2017,
    title = {{imputeTS: Time Series Missing Value Imputation in R}},
    author = {Steffen Moritz and Thomas Bartz-Beielstein},
    journal = {{The R Journal}},
    volume = {9},
    number = {1},
    pages = {207--218},
    year = {2017},
    doi = {10.32614/RJ-2017-009},
  }

@Manual{rbase2020,
    title = {R: A Language and Environment for Statistical Computing},
    author = {{R Core Team}},
    organization = {R Foundation for Statistical Computing},
    address = {Vienna, Austria},
    year = {2020},
    url = {https://www.R-project.org/},
  }

@article{balcombe2010nature,
  title={The nature and determinants of volatilit$\backslash$in agricultural prices: An empirical stud$\backslash$from 1 6 $^2$ 008},
  author={Balcombe, Kelvin},
  journal={MARKET REVIEW},
  pages={2},
  year={2010}
}

@article{areal2016testing,
  title={Testing for bubbles in agriculture commodity markets},
  author={Areal, Francisco Jos{\'e} and Balcombe, Kevin and Rapsomanikis, George},
  journal={Economia Agraria y Recursos Naturales},
  volume={16},
  number={1380-2016-115493},
  pages={59--79},
  year={2016}
}

@inproceedings{sridharthapaspatial2019,
author = {Thapa, Sridhar},
year = {2019},
month = {07},
pages = {},
title = {Spatial Transmission of Prices across Food Commodity Markets in South Asia}
}

@article{moad2016statistical,
  title={Statistical information on Nepalese agriculture 2016-17},
  author={MoAD},
  year={2016}
}

@book{unctad2015foodsecurity,
  title={Food Security in South Asia: Developing Regional Supply Chains for the Food Processing Industry},
  author={UNCTAD, ADB},
  year={2015},
  publisher={Copublished by UNCTAD and ADB}
}

@techreport{moadads2014,
  title={Agriculture Development Strategy (ADS},
  author={Ministry of Agricultural Development},
  year={2014},
  publisher={GON-MoAD},
  url={http://www.nnfsp.gov.np/PublicationFiles/bf53f040-32cb-4407-a611-d891935d2e97.pdf}
}


@article{luutkepohl2001maximum,
  title={Maximum eigenvalue versus trace tests for the cointegrating rank of a VAR process},
  author={L{\"u}utkepohl, Helmut and Saikkonen, Pentti and Trenkler, Carsten},
  journal={The Econometrics Journal},
  volume={4},
  number={2},
  pages={287--310},
  year={2001},
  publisher={Wiley Online Library}
}

@article{hossain2011cointegration,
  title={Cointegration Analysis of Rural Wheat Markets in Northern Bangladesh},
  author={Hossain, Mohammad Ismail and Papadopoulou, Eleni and Begum, Esmat Ara},
  journal={Journal of International Logistics and Trade},
  volume={9},
  number={2},
  pages={77--97},
  year={2011}
}

@article{bhandari2015cointegration,
  title={Factor affecting food price instabilities in Nepal},
  author={Thaneshwar Bhandari},
  journal={The Journal of University Grants Commission},
  volume={4},
  number={1},
  pages={19--38},
  year={2015}
}

